% This file was created with JabRef 2.10.
% Encoding: Cp1252


@InProceedings{Oeztireli2009,
  Title                    = {Feature Preserving Point Set Surfaces based on Non-Linear Kernel Regression},
  Author                   = {{\"O}ztireli, A Cengiz and Guennebaud, Gael and Gross, Markus},
  Booktitle                = {Computer Graphics Forum},
  Year                     = {2009},
  Organization             = {Wiley Online Library},
  Pages                    = {493--501},
  Volume                   = {28}
}

@Article{bw-cisec-13,
  Title                    = {Constructing Isosurfaces with Sharp Edges and Corners using Cube Merging},
  Author                   = {{A.Bhattacharya, R.Wenger}},
  Journal                  = {Computer Graphics Forum},
  Year                     = {2013},
  Pages                    = {11--20},
  Volume                   = {32}
}

@Article{aml-ger-10,
  Title                    = {Gradient Estimation Revitalized},
  Author                   = {Alim, Usman and Moller, Torsten and Condat, Laurent},
  Journal                  = {IEEE Transactions on Visualization and Computer Graphics},
  Year                     = {2010},

  Month                    = nov,
  Number                   = {6},
  Pages                    = {1495--1504},
  Volume                   = {16},

  Acmid                    = {1907947},
  Address                  = {Piscataway, NJ, USA},
  Doi                      = {10.1109/TVCG.2010.160},
  ISSN                     = {1077-2626},
  Issue_date               = {November 2010},
  Keywords                 = {Approximation, Body Centered Cubic Lattice, Derivative, Derivative, Gradient, Reconstruction, Sampling, Lattice, Body Centered Cubic Lattice, Interpolation, Approximation, Frequency Error Kernel, Frequency Error Kernel, Gradient, Interpolation, Lattice, Reconstruction, Sampling},
  Numpages                 = {10},
  Publisher                = {IEEE Educational Activities Department},
  Url                      = {http://dx.doi.org/10.1109/TVCG.2010.160}
}

@InProceedings{ab-fpmmo-03,
  Title                    = {Feature preserving manifold mesh from an octree},
  Author                   = {Ashida, Koji and Badler, Norman I.},
  Booktitle                = {Proceedings of the Eighth ACM Symposium on Solid Modeling and Applications},
  Year                     = {2003},
  Pages                    = {292--297},
  Publisher                = {ACM Press},

  ISBN                     = {1-58113-706-0},
  Location                 = {Seattle, Washington, USA},
  Numpages                 = {6},
  Url                      = {http://doi.acm.org/10.1145/781606.781654}
}

@Article{avron2010L,
  Title                    = {L 1-Sparse reconstruction of sharp point set surfaces},
  Author                   = {Avron, Haim and Sharf, Andrei and Greif, Chen and Cohen-Or, Daniel},
  Journal                  = {ACM Transactions on Graphics (TOG)},
  Year                     = {2010},
  Number                   = {5},
  Pages                    = {135},
  Volume                   = {29},

  Publisher                = {ACM}
}

@Book{Ayachit2015,
  Title                    = {The ParaView Guide: A Parallel Visualization Application},
  Author                   = {Utkarsh Ayachit},
  Publisher                = {Kitware Clifton Park, NY},
  Year                     = {2015}
}

@Article{bx-adsfs-03,
  Title                    = {Anisotropic diffusion of surfaces and functions on surfaces},
  Author                   = {Bajaj, Chandrajit L. and Xu, Guoliang},
  Journal                  = {ACM Trans. Graph.},
  Year                     = {2003},

  Month                    = {January},
  Pages                    = {4--32},
  Volume                   = {22},

  Acmid                    = {588276},
  Address                  = {New York, NY, USA},
  Doi                      = {http://doi.acm.org/10.1145/588272.588276},
  ISSN                     = {0730-0301},
  Issue                    = {1},
  Keywords                 = {Loop's subdivision, Riemannian manifold, Surface function diffusion, noise reduction, texture mapping},
  Numpages                 = {29},
  Publisher                = {ACM},
  Url                      = {http://doi.acm.org/10.1145/588272.588276}
}

@TechReport{bw-erm-13,
  Title                    = {Experimental Results on MergeSharp},
  Author                   = {Arindam Bhattacharya and Rephael Wenger},
  Institution              = {Dept. of Computer Science and Engineering, The Ohio State University},
  Year                     = {2013},
  Number                   = {OSU-CISRC-3-15-TR05}
}

@Article{Burns2005,
  Title                    = {Line drawings from volume data},
  Author                   = {Burns, Michael and Klawe, Janek and Rusinkiewicz, Szymon and Finkelstein, Adam and DeCarlo, Doug},
  Journal                  = {ACM Trans. Graph.},
  Year                     = {2005},
  Number                   = {3},
  Pages                    = {512--518},
  Volume                   = {24},

  Doi                      = {10.1145/1073204.1073222},
  ISSN                     = {0730-0301},
  Keywords                 = {NPR, isosurface, silhouettes, suggestive contours, visualization, volume},
  Numpages                 = {7},
  Url                      = {http://doi.acm.org/10.1145/1073204.1073222}
}

@Book{ck-nmc-07,
  Title                    = {Numerical Mathematics and Computing},
  Author                   = {Cheney, E. Ward and Kincaid, David R.},
  Publisher                = {Brooks/Cole Publishing Co.},
  Year                     = {2007},

  Address                  = {Pacific Grove, CA, USA},

  ISBN                     = {0495114758}
}

@InProceedings{cdr-drpsc-07,
  Title                    = {Delaunay refinement for piecewise smooth complexes},
  Author                   = {Cheng, Siu-Wing and Dey, Tamal K. and Ramos, Edgar A.},
  Booktitle                = {Proceedings of the eighteenth annual ACM-SIAM symposium on Discrete algorithms},
  Year                     = {2007},

  Address                  = {Philadelphia, PA, USA},
  Pages                    = {1096--1105},
  Publisher                = {Society for Industrial and Applied Mathematics},
  Series                   = {SODA '07},

  Acmid                    = {1283501},
  ISBN                     = {978-0-898716-24-5},
  Location                 = {New Orleans, Louisiana},
  Numpages                 = {10},
  Url                      = {http://dl.acm.org/citation.cfm?id=1283383.1283501}
}

@InProceedings{cdrr-qmpsa-04,
  Title                    = {Quality meshing for polyhedra with small angles},
  Author                   = {Cheng, Siu-Wing and Dey, Tamal K. and Ramos, Edgar A. and Ray, Tathagata},
  Booktitle                = {Proceedings of the twentieth annual symposium on Computational geometry},
  Year                     = {2004},

  Address                  = {New York, NY, USA},
  Pages                    = {290--299},
  Publisher                = {ACM},
  Series                   = {SCG '04},

  Acmid                    = {997862},
  Doi                      = {10.1145/997817.997862},
  ISBN                     = {1-58113-885-7},
  Keywords                 = {Delaunay refinement, Delaunay triangulation, local feature size, mesh generation},
  Location                 = {Brooklyn, New York, USA},
  Numpages                 = {10},
  Url                      = {http://doi.acm.org/10.1145/997817.997862}
}

@Book{cds-dmg-13,
  Title                    = {Delaunay Mesh Generation},
  Author                   = {Siu-Wing Cheng and
 Tamal K. Dey and
 Jonathan Richard Shewchuk},
  Publisher                = {CRC Press},
  Year                     = {2013},
  Series                   = {Chapman and Hall / CRC computer and information science
 series},

  Bibsource                = {DBLP, http://dblp.uni-trier.de},
  Ee                       = {http://www.crcpress.com/product/isbn/9781584887300},
  ISBN                     = {978-1-584-88730-0},
  Pages                    = {I-XV, 1-394}
}

@InProceedings{cp-gcdtb-03,
  Title                    = {Graded conforming Delaunay tetrahedralization with bounded radius-edge ratio},
  Author                   = {Cheng, Siu-Wing and Poon, Sheung-Hung},
  Booktitle                = {Proceedings of the fourteenth annual ACM-SIAM symposium on Discrete algorithms},
  Year                     = {2003},

  Address                  = {Philadelphia, PA, USA},
  Pages                    = {295--304},
  Publisher                = {Society for Industrial and Applied Mathematics},
  Series                   = {SODA '03},

  Acmid                    = {644158},
  ISBN                     = {0-89871-538-5},
  Location                 = {Baltimore, Maryland},
  Numpages                 = {10},
  Url                      = {http://dl.acm.org/citation.cfm?id=644108.644158}
}

@InProceedings{cdr-agdsp-00,
  Title                    = {Anisotropic geometric diffusion in surface processing},
  Author                   = {Clarenz, U. and Diewald, U. and Rumpf, M.},
  Booktitle                = {Proc. of IEEE Visualization 2000 (VIS'00)},
  Year                     = {2000},

  Address                  = {Los Alamitos, CA, USA},
  Pages                    = {397--405},
  Publisher                = {IEEE Computer Society Press},

  Acmid                    = {375276},
  ISBN                     = {1-58113-309-X},
  Keywords                 = {geometric modeling, image processing, numerical analysis},
  Location                 = {Salt Lake City, Utah, United States},
  Numpages                 = {9},
  Url                      = {http://portal.acm.org/citation.cfm?id=375213.375276}
}

@Article{Cole2010,
  Title                    = {Two Fast Methods for High-Quality Line Visibility},
  Author                   = {Cole, F. and Finkelstein, A.},
  Journal                  = {Visualization and Computer Graphics, IEEE Transactions on},
  Year                     = {2010},
  Number                   = {5},
  Pages                    = {707-717},
  Volume                   = {16},

  Doi                      = {10.1109/TVCG.2009.102},
  ISSN                     = {1077-2626},
  Keywords                 = {computer animation;rendering (computer graphics);3D models;coherent animation;graphics hardware;high quality line visibility;interactive rendering;visibility computation;Visible line;non-photorealistic rendering.;surface algorithms}
}

@Article{DeCarlo2003,
  Title                    = {Suggestive contours for conveying shape},
  Author                   = {DeCarlo, Doug and Finkelstein, Adam and Rusinkiewicz, Szymon and Santella, Anthony},
  Journal                  = {ACM Trans. Graph.},
  Year                     = {2003},

  Month                    = jul,
  Number                   = {3},
  Pages                    = {848--855},
  Volume                   = {22},

  Acmid                    = {882354},
  Address                  = {New York, NY, USA},
  Doi                      = {10.1145/882262.882354},
  ISSN                     = {0730-0301},
  Issue_date               = {July 2003},
  Keywords                 = {contours, non-photorealistic rendering, silhouettess},
  Numpages                 = {8},
  Publisher                = {ACM},
  Url                      = {http://doi.acm.org/10.1145/882262.882354}
}

@Article{dgqsww-fprss-12,
  Title                    = {Feature-Preserving Reconstruction of Singular Surfaces},
  Author                   = {Dey, T. K. and Ge, X. and Que, Q. and Safa, I. and Wang, L. and Wang, Y.},
  Journal                  = {Comp. Graph. Forum},
  Year                     = {2012},

  Month                    = aug,
  Number                   = {5},
  Pages                    = {1787--1796},
  Volume                   = {31},

  Acmid                    = {2346813},
  Address                  = {New York, NY, USA},
  Doi                      = {10.1111/j.1467-8659.2012.03183.x},
  ISSN                     = {0167-7055},
  Issue_date               = {August 2012},
  Keywords                 = {I.3.3 [Computer Graphics]: Picture/Image Generation\&\#x2014;Line and curve generation},
  Numpages                 = {10},
  Publisher                = {John Wiley \& Sons, Inc.},
  Url                      = {http://dx.doi.org/10.1111/j.1467-8659.2012.03183.x}
}

@Article{Diepstraten2002,
  Title                    = {{Transparency in Interactive Technical Illustrations}},
  Author                   = {Diepstraten, Joachim and Weiskopf, Daniel and Ertl, Thomas},
  Journal                  = {Computer Graphics Forum},
  Year                     = {2002},

  Month                    = sep,
  Number                   = {3},
  Pages                    = {317--326},
  Volume                   = {21},

  Doi                      = {10.1111/1467-8659.00591},
  ISSN                     = {0167-7055},
  Url                      = {http://doi.wiley.com/10.1111/1467-8659.00591}
}

@Article{fyp-rfpmd-10,
  Title                    = {Robust Feature-Preserving Mesh Denoising Based on Consistent Subneighborhoods},
  Author                   = {Hanqi Fan and Yizhou Yu and Qunsheng Peng},
  Journal                  = {IEEE Trans. on Visualization and Computer Graphics},
  Year                     = {2010},
  Number                   = {2},
  Pages                    = {312--324},
  Volume                   = {16},

  Address                  = {Los Alamitos, CA, USA},
  Publisher                = {IEEE Computer Society}
}

@Misc{Fischer2005,
  Title                    = {Illustrative display of hidden iso-surface structures},

  Author                   = {J. Fischer and D. Bartz and W. Strasser},
  Year                     = {2005},

  Booktitle                = {Proceedings of IEEE Visualization 2005},
  Pages                    = {663--670}
}

@Article{fcs-rmlsf-2005,
  Title                    = {Robust moving least-squares fitting with sharp features},
  Author                   = {Fleishman, Shachar and Cohen-Or, Daniel and Silva, Cl\'{a}udio T.},
  Journal                  = {ACM Trans. Graph.},
  Year                     = {2005},

  Month                    = {July},
  Pages                    = {544--552},
  Volume                   = {24},

  Acmid                    = {1073227},
  Address                  = {New York, NY, USA},
  Doi                      = {http://doi.acm.org/10.1145/1073204.1073227},
  ISSN                     = {0730-0301},
  Issue                    = {3},
  Keywords                 = {forward--search, moving least squares, robust statistics, surface reconstruction},
  Numpages                 = {9},
  Publisher                = {ACM},
  Url                      = {http://doi.acm.org/10.1145/1073204.1073227}
}

@Article{fdc-bmd-03,
  Title                    = {Bilateral mesh denoising},
  Author                   = {Fleishman, Shachar and Drori, Iddo and Cohen-Or, Daniel},
  Journal                  = {ACM Trans. Graph.},
  Year                     = {2003},

  Month                    = {July},
  Pages                    = {950--953},
  Volume                   = {22},

  Acmid                    = {882368},
  Address                  = {New York, NY, USA},
  Doi                      = {http://doi.acm.org/10.1145/882262.882368},
  ISSN                     = {0730-0301},
  Issue                    = {3},
  Keywords                 = {bilateral filtering, mesh denoising},
  Numpages                 = {4},
  Publisher                = {ACM},
  Url                      = {http://doi.acm.org/10.1145/882262.882368}
}

@InProceedings{gh-ssqem-97,
  Title                    = {Surface simplification using quadric error metrics},
  Author                   = {M. Garland and P. S. Heckbert},
  Booktitle                = {Proceedings of the 24th Annual Conference on Computer Graphics and Interactive Techniques, SIGGRAPH 1997},
  Year                     = {1997},
  Pages                    = {209--216},

  Update                   = {98.07 orourke}
}

@InProceedings{g-cesng-98,
  Title                    = {Constrained Elastic Surface Nets: Generating Smooth Surfaces from Binary Segmented Data},
  Author                   = {Sarah F. F. Gibson},
  Booktitle                = {Proceedings of the First International Conference on Medical Image Computing and Computer-Assisted Intervention, MICCAI 1998},
  Year                     = {1998},
  Pages                    = {888--898},
  Publisher                = {Springer-Verlag},

  ISBN                     = {3-540-65136-5}
}

@InProceedings{g-udmas-98,
  Title                    = {Using distance maps for accurate surface representation in sampled volumes},
  Author                   = {Sarah F. F. Gibson},
  Booktitle                = {Proceedings of the 1998 IEEE Symposium on Volume Visualization},
  Year                     = {1998},
  Pages                    = {23--30},

  Doi                      = {http://doi.acm.org/10.1145/288126.288142},
  ISBN                     = {1-58113-105-4},
  Location                 = {Research Triangle Park, North Carolina, United States}
}

@Article{Grabli2010,
  Title                    = {Programmable rendering of line drawing from 3D scenes},
  Author                   = {Grabli, St{\'e}phane and Turquin, Emmanuel and Durand, Fr{\'e}do and Sillion, Fran\c{c}ois X.},
  Journal                  = {ACM Trans. Graph.},
  Year                     = {2010},
  Number                   = {2},
  Pages                    = {18:1--18:20},
  Volume                   = {29},

  Acmid                    = {1731056},
  Address                  = {New York, NY, USA},
  Articleno                = {18},
  Doi                      = {10.1145/1731047.1731056},
  Issue_date               = {March 2010},
  Keywords                 = {Line drawing, nonphotorealistic rendering (NPR), style},
  Numpages                 = {20},
  Publisher                = {ACM},
  Url                      = {http://doi.acm.org/10.1145/1731047.1731056}
}

@Article{gk-eretm-04,
  Title                    = {Efficient representation and extraction of 2-manifold isosurfaces using kd-trees},
  Author                   = {Gre{\ss}, Alexander and Klein, Reinhard},
  Journal                  = {Graphical Models},
  Year                     = {2004},
  Number                   = {6},
  Pages                    = {370--397},
  Volume                   = {66},

  Keywords                 = {hierarchical structures, isosurfaces, mesh generation, topological simplification},
  Publisher                = {Academic Press Professional, Inc.}
}

@Article{hkg-semmc-07,
  Title                    = {Surface Extraction from Multi-Material Components for Metrology using Dual Energy CT},
  Author                   = {Heinzl, C. and Kastner, J. and Groller, E.},
  Journal                  = {Visualization and Computer Graphics, IEEE Transactions on},
  Year                     = {2007},
  Number                   = {6},
  Pages                    = {1520-1527},
  Volume                   = {13}
}

@Article{hwco-cmsaf-05,
  Title                    = {Cubical marching squares: {A}daptive feature preserving surface extraction from volume data},
  Author                   = {{Chien-Chang} Ho and {Fu-Che} Wu and {Bing-Yu} Chen and Ming Ouhyoung},
  Journal                  = {Computer Graphics Forum},
  Year                     = {2005},
  Pages                    = {2005},
  Volume                   = {24}
}

@InProceedings{hddh-pssr-84,
  Title                    = {Piecewise smooth surface reconstruction},
  Author                   = {Hoppe, Hugues and DeRose, Tony and Duchamp, Tom and Halstead, Mark and Jin, Hubert and McDonald, John and Schweitzer, Jean and Stuetzle, Werner},
  Booktitle                = {Proc. of the 21st Annual Conference on Computer Graphics and Interactive Techniques},
  Year                     = {1994},

  Address                  = {New York, NY, USA},
  Pages                    = {295--302},
  Publisher                = {ACM},
  Series                   = {SIGGRAPH '94},

  Acmid                    = {192233},
  Doi                      = {http://doi.acm.org/10.1145/192161.192233},
  ISBN                     = {0-89791-667-0},
  Keywords                 = {geometric modeling, range data analysis, shape recovery, subdivision surfaces, surface fitting},
  Numpages                 = {8},
  Url                      = {http://doi.acm.org/10.1145/192161.192233}
}

@Article{ham-thqge-11,
  Title                    = {Toward High-Quality Gradient Estimation on Regular Lattices},
  Author                   = {Zahid Hossain and Usman R. Alim and Torsten Moller},
  Journal                  = {IEEE Transactions on Visualization and Computer Graphics},
  Year                     = {2011},
  Number                   = {4},
  Pages                    = {426-439},
  Volume                   = {17},

  Address                  = {Los Alamitos, CA, USA},
  Doi                      = {http://doi.ieeecomputersociety.org/10.1109/TVCG.2010.37},
  ISSN                     = {1077-2626},
  Publisher                = {IEEE Computer Society}
}

@Article{jdd-nfpms-03,
  Title                    = {Non-iterative, feature-preserving mesh smoothing},
  Author                   = {Thouis R. Jones and
 Fr{\'e}do Durand and
 Mathieu Desbrun},
  Journal                  = {ACM Trans. Graph.},
  Year                     = {2003},
  Number                   = {3},
  Pages                    = {943-949},
  Volume                   = {22},

  Bibsource                = {DBLP, http://dblp.uni-trier.de},
  Ee                       = {http://doi.acm.org/10.1145/882262.882367}
}

@Article{j-rrpm-04,
  Title                    = {Robust repair of polygonal models},
  Author                   = {Ju, Tao},
  Journal                  = {ACM Transactions on Graphics},
  Year                     = {2004},

  Month                    = aug,
  Number                   = {3},
  Pages                    = {888--895},
  Volume                   = {23},

  Acmid                    = {1015815},
  Address                  = {New York, NY, USA},
  Doi                      = {10.1145/1015706.1015815},
  ISSN                     = {0730-0301},
  Issue_date               = {August 2004},
  Keywords                 = {model repair, octree, robustness, scan conversion},
  Numpages                 = {8},
  Publisher                = {ACM Press},
  Url                      = {http://doi.acm.org/10.1145/1015706.1015815}
}

@Article{jlsw-dchd-02,
  Title                    = {Dual contouring of hermite data},
  Author                   = {Tao Ju and Frank Losasso and Scott Schaefer and Joe Warren},
  Journal                  = {ACM Transactions on Graphics},
  Year                     = {2002},
  Number                   = {3},
  Pages                    = {339--346},
  Volume                   = {21},

  Doi                      = {http://doi.acm.org/10.1145/566654.566586},
  ISSN                     = {0730-0301},
  Publisher                = {ACM Press}
}

@InProceedings{ju-ifcog-06,
  Title                    = {Intersection-Free Contouring on an Octree Grid},
  Author                   = {Tao Ju and Tushar Udeshi},
  Booktitle                = {Proceedings of the 14th Pacific Conference on Computer Graphics and Applications},
  Year                     = {2006}
}

@Article{Judd2007,
  Title                    = {Apparent ridges for line drawing},
  Author                   = {Judd, Tilke and Durand, Fr{\'e}do and Adelson, Edward},
  Journal                  = {ACM Trans. Graph.},
  Year                     = {2007},

  Month                    = jul,
  Number                   = {3},
  Volume                   = {26},

  Acmid                    = {1276401},
  Address                  = {New York, NY, USA},
  Articleno                = {19},
  Doi                      = {10.1145/1276377.1276401},
  ISSN                     = {0730-0301},
  Issue_date               = {July 2007},
  Keywords                 = {NPR, apparent ridges, line drawing, ridges, valleys},
  Publisher                = {ACM},
  Url                      = {http://doi.acm.org/10.1145/1276377.1276401}
}

@InProceedings{kbsh-fssev-01,
  Title                    = {Feature sensitive surface extraction from volume data},
  Author                   = {Leif P. Kobbelt and Mario Botsch and Ulrich Schwanecke and Hans-Peter Seidel},
  Booktitle                = {Proceedings of the 28th Annual Conference on Computer Graphics and Interactive Techniques, SIGGRAPH 2001},
  Year                     = {2001},
  Pages                    = {57--66},
  Publisher                = {ACM Press},

  Doi                      = {http://doi.acm.org/10.1145/383259.383265},
  ISBN                     = {1-58113-374-X}
}

@Article{k-pgmls-08,
  Title                    = {Provably good moving least squares},
  Author                   = {Kolluri, Ravikrishna},
  Journal                  = {ACM Transactions on Algorithms (TALG)},
  Year                     = {2008},
  Number                   = {2},
  Pages                    = {18},
  Volume                   = {4},

  Publisher                = {ACM}
}

@InProceedings{l-oslpm-00,
  Title                    = {Out-of-core simplification of large polygonal models},
  Author                   = {Peter Lindstrom},
  Booktitle                = {Proceedings of the 27th Annual Conference on Computer Graphics and Interactive Techniques, SIGGRAPH 2000},
  Year                     = {2000},
  Pages                    = {259--262},
  Publisher                = {ACM Press/Addison-Wesley Publishing Co.},

  Doi                      = {http://doi.acm.org/10.1145/344779.344912},
  ISBN                     = {1-58113-208-5}
}

@Article{lc-mchr3-87,
  Title                    = {Marching cubes: {A} high resolution {3D} surface construction algorithm},
  Author                   = {W. Lorensen and H. Cline},
  Journal                  = {Computer Graphics},
  Year                     = {1987},
  Number                   = {4},
  Pages                    = {163--170},
  Volume                   = {21},

  Update                   = {98.11 devillers, 97.11 bibrelex}
}

@InProceedings{mmmy-cnes-97,
  Title                    = {A comparison of normal estimation schemes},
  Author                   = {M\"{o}ller, Torsten and Machiraju, Raghu and Mueller, Klaus and Yagel, Roni},
  Booktitle                = {Proceedings of the 8th conference on Visualization '97},
  Year                     = {1997},

  Address                  = {Los Alamitos, CA, USA},
  Pages                    = {19--ff.},
  Publisher                = {IEEE Computer Society Press},
  Series                   = {VIS '97},

  Acmid                    = {267004},
  ISBN                     = {1-58113-011-2},
  Keywords                 = {Taylor series expansion efficient volume rendering, drivative filters, filter design, interpolation filters, normal estimation},
  Location                 = {Phoenix, Arizona, USA},
  Url                      = {http://dl.acm.org/citation.cfm?id=266989.267004}
}

@Article{ms-ispmg-10,
  Title                    = {Isosurfaces over simplicial partitions of multiresolution grids},
  Author                   = {Manson, Josiah and Schaefer, Scott},
  Journal                  = {Computer Graphics Forum},
  Year                     = {2010},
  Number                   = {2},
  Pages                    = {377--385},
  Volume                   = {29},

  Organization             = {Wiley Online Library}
}

@InProceedings{n-dmc-04,
  Title                    = {Dual {M}arching {C}ubes},
  Author                   = {Gregory M. Nielson},
  Booktitle                = {Proceedings of IEEE Visualization 2004},
  Year                     = {2004},
  Pages                    = {489--496},
  Publisher                = {IEEE Computer Society}
}

@Article{Nienhaus2004,
  Title                    = {{Blueprints: illustrating architecture and technical parts using hardware-accelerated non-photorealistic rendering}},
  Author                   = {Nienhaus, Marc and D\"{o}llner, J},
  Journal                  = {Proceedings of Graphics Interface 2004},
  Year                     = {2004},
  Pages                    = {49--56},

  Url                      = {http://dl.acm.org/citation.cfm?id=1006065}
}

@InProceedings{Rusinkiewicz2004,
  Title                    = {Estimating Curvatures and Their Derivatives on Triangle Meshes},
  Author                   = {Szymon Rusinkiewicz},
  Booktitle                = {Symposium on 3D Data Processing, Visualization, and Transmission},
  Year                     = {2004}
}

@Article{sym-fpmg-10,
  Title                    = {Feature Preserving Mesh Generation from 3D Point Clouds},
  Author                   = {Salman, Nader and Yvinec, Mariette and Merigot, Quentin},
  Journal                  = {Computer Graphics Forum},
  Year                     = {2010},
  Number                   = {5},
  Pages                    = {1623--1632},
  Volume                   = {29},

  Doi                      = {10.1111/j.1467-8659.2010.01771.x},
  ISSN                     = {1467-8659},
  Keywords                 = {[Computational Geometry and Object Modeling] [I.3.5]: Curve, surface, solid, and object representations?},
  Publisher                = {Blackwell Publishing Ltd},
  Url                      = {http://dx.doi.org/10.1111/j.1467-8659.2010.01771.x}
}

@Article{sjw-mdc-07,
  Title                    = {Manifold Dual Contouring},
  Author                   = {Schaefer, Scott and Ju, Tao and Warren, Joe},
  Journal                  = {IEEE Transactions on Visualization and Computer Graphics},
  Year                     = {2007},

  Month                    = may,
  Number                   = {3},
  Pages                    = {610--619},
  Volume                   = {13},

  Acmid                    = {1263312},
  Address                  = {Piscataway, NJ, USA},
  Doi                      = {10.1109/TVCG.2007.1012},
  ISSN                     = {1077-2626},
  Issue_date               = {May 2007},
  Keywords                 = {Isosurfacing, Isosurfacing, contour simplification, vertex clustering, manifold., contour simplification, manifold., vertex clustering},
  Numpages                 = {10},
  Publisher                = {IEEE Educational Activities Department},
  Url                      = {http://dx.doi.org/10.1109/TVCG.2007.1012}
}

@InProceedings{sw-dmcpc-04,
  Title                    = {Dual Marching Cubes: Primal Contouring of Dual Grids},
  Author                   = {Schaefer, Scott and Warren, Joe},
  Booktitle                = {Proceedings of the Computer Graphics and Applications, 12th Pacific Conference},
  Year                     = {2004},
  Pages                    = {70--76},
  Publisher                = {IEEE Computer Society},

  ISBN                     = {0-7695-2234-3},
  Numpages                 = {7}
}

@TechReport{sw-dcss-02,
  Title                    = {Dual Contouring: {T}he Secret Sauce},
  Author                   = {Scott Schaefer and Joe Warren},
  Institution              = {Dept. of Computer Science, Rice University},
  Year                     = {2002},
  Number                   = {TR 02-408}
}

@Article{twbo-gspnm-03,
  Title                    = {Geometric surface processing via normal maps},
  Author                   = {Tasdizen, Tolga and Whitaker, Ross and Burchard, Paul and Osher, Stanley},
  Journal                  = {ACM Trans. Graph.},
  Year                     = {2003},

  Month                    = oct,
  Number                   = {4},
  Pages                    = {1012--1033},
  Volume                   = {22},

  Acmid                    = {944024},
  Address                  = {New York, NY, USA},
  Doi                      = {10.1145/944020.944024},
  ISSN                     = {0730-0301},
  Issue_date               = {October 2003},
  Keywords                 = {Surface fairing, anisotropic diffusion, geometric surface processing, high-boost filtering, level sets},
  Numpages                 = {22},
  Publisher                = {ACM},
  Url                      = {http://doi.acm.org/10.1145/944020.944024}
}

@InProceedings{twbo-gssad-02,
  Title                    = {Geometric surface smoothing via anisotropic diffusion of normals},
  Author                   = {Tasdizen, Tolga and Whitaker, Ross and Burchard, Paul and Osher, Stanley},
  Booktitle                = {Proceedings of the conference on Visualization '02},
  Year                     = {2002},

  Address                  = {Washington, DC, USA},
  Pages                    = {125--132},
  Publisher                = {IEEE Computer Society},
  Series                   = {VIS '02},

  Acmid                    = {602117},
  ISBN                     = {0-7803-7498-3},
  Keywords                 = {anisotropic diffusion, geometric surface processing, intrinsic Laplacian of curvature, level sets, surface fairing},
  Location                 = {Boston, Massachusetts},
  Numpages                 = {8},
  Url                      = {http://dl.acm.org/citation.cfm?id=602099.602117}
}

@InProceedings{tw-adsnf-03,
  Title                    = {Anisotropic diffusion of surface normals for feature preserving
 surface reconstruction},
  Author                   = {Tolga Tasdizen and Ross T. Whitaker},
  Booktitle                = {4th International Conference on 3D Digital Imaging and
 Modeling (3DIM 2003)},
  Year                     = {2003},
  Pages                    = {353-360},

  Bibsource                = {DBLP, http://dblp.uni-trier.de},
  Ee                       = {http://doi.ieeecomputersociety.org/10.1109/IM.2003.1240269},
  Location                 = {Banff, Canada}
}

@InProceedings{Varadhan:2003:fss,
  Title                    = {Feature-Sensitive Subdivision and Isosurface Reconstruction},
  Author                   = {Varadhan, Gokul and Krishnan, Shankar and Kim, Young J. and Manocha, Dinesh},
  Booktitle                = {Proceedings of IEEE Visualization 2003},
  Year                     = {2003},
  Pages                    = {99--106},
  Publisher                = {IEEE Computer Society},

  Acmid                    = {1081458},
  Doi                      = {http://dx.doi.org/10.1109/VISUAL.2003.1250360},
  ISBN                     = {0-7695-2030-8},
  Keywords                 = {Implicit modeling, Boolean operations, Marching Cubes, Distance fields, Subdivision},
  Url                      = {http://dx.doi.org/10.1109/VISUAL.2003.1250360}
}

@TechReport{w-ifdcu-11,
  Title                    = {Intersection-free Dual Contouring on Uniform Grids: An Approach Based on Convex/Concave Analysis},
  Author                   = {Charlie Wang},
  Institution              = {Dept. of Mechanical and Automation Engineering, The Chinese University of Hong Kong},
  Year                     = {2011},

  Address                  = {Hong Kong}
}

@InProceedings{zhk-dctps-04,
  Title                    = {Dual Contouring with Topology-Preserving Simplification Using Enhanced Cell Representation},
  Author                   = {Nan Zhang and Wei Hong and Arie Kaufman},
  Booktitle                = {Proceedings of IEEE Visualization 2004},
  Year                     = {2004},
  Pages                    = {505--512},
  Publisher                = {IEEE Computer Society},

  Doi                      = {http://dx.doi.org/10.1109/VIS.2004.27},
  ISBN                     = {0-7803-8788-0}
}

@InCollection{zq-dcdta-12,
  Title                    = {Dual Contouring for Domains with Topology Ambiguity},
  Author                   = {Zhang, Yongjie and Qian, Jin},
  Booktitle                = {Proceedings of the 20th International Meshing Roundtable},
  Publisher                = {Springer},
  Year                     = {2012},
  Editor                   = {Quadros, William Roshan},
  Pages                    = {41--60},

  Doi                      = {10.1007/978-3-642-24734-7_3},
  ISBN                     = {978-3-642-24733-0},
  Keywords                 = {Dual Contouring; topology ambiguity; triangular mesh; tri-linear representation; saddle points}
}

